<?xml version="1.0" encoding="UTF-8"?><collection xmlns="http://www.loc.gov/MARC21/slim"><record><leader>00365nam--2200133-i-4500</leader><controlfield tag="001">000028902</controlfield><controlfield tag="002">20161230</controlfield><controlfield tag="005">20161230201037</controlfield><controlfield tag="008">060222s1000------------r-----000-0-eng-d</controlfield><datafield ind1=" " ind2=" " tag="080"><subfield code="a">543.544.25</subfield></datafield><datafield ind1=" " ind2=" " tag="245"><subfield code="a">The practice of gas chromatography</subfield></datafield><datafield ind1=" " ind2=" " tag="260"><subfield code="a">New York, Interscience Publishers, 1967. Xv + 591p</subfield></datafield><datafield ind1=" " ind2=" " tag="700"><subfield code="a">Ettre, Leslie S. Zlatkis, Albert</subfield></datafield><datafield ind1=" " ind2=" " tag="852"><subfield code="a">29073</subfield></datafield></record></collection>